%% This BibTeX bibliography file was created using BibDesk.
%% http://bibdesk.sourceforge.net/


%% Created for Maria Ferman at 2016-01-27 11:00:17 -0800 


%% Saved with string encoding Unicode (UTF-8) 



@article{Das:2007aa,
	Author = {Das, Abhinandan S., Mayur Datar, Ashutosh Garg, and Shyam Rajaram.},
	Date-Added = {2016-01-27 18:49:17 +0000},
	Date-Modified = {2016-01-27 18:58:56 +0000},
	Journal = {Proceedings of the 16th international conference on World Wide Web, ACM.},
	Pages = {271-280},
	Title = {"Google news personalization: scalable online collaborative filtering."},
	Year = {2007}}

@article{Masand:1992aa,
	Author = {Masand, Brij, Gordon Linoff, and David Waltz.},
	Date-Added = {2016-01-27 18:48:18 +0000},
	Date-Modified = {2016-01-27 18:49:00 +0000},
	Journal = {Proceedings of the 15th annual international ACM SIGIR conference on Research and development in information retrieval. ACM},
	Title = {"Classifying news stories using memory based reasoning."},
	Year = {1992}}

@article{Tatar:2014aa,
	Author = {Tatar, A., Antoniadis, P., Amorim, M. D. d., and Fdida, S.},
	Date-Added = {2016-01-27 18:46:48 +0000},
	Date-Modified = {2016-01-27 18:47:52 +0000},
	Journal = {Social Network Analysis and Mining},
	Pages = {1-12},
	Title = {"From popularity prediction to ranking online news."},
	Volume = {4.1},
	Year = {2014}}

@article{Vavpetic:2013aa,
	Author = {Vavpeti{\v c}, A., Novak, P. K., Gr{\v c}ar, M., Mozeti{\v c}, I., and Lavra{\v c}, N.},
	Date-Added = {2016-01-27 18:43:54 +0000},
	Date-Modified = {2016-01-27 18:46:39 +0000},
	Journal = {Discovery Science},
	Month = {January},
	Pages = {294-307},
	Title = {"Semantic data mining of financial news articles."},
	Year = {2013}}

@article{McKeown:2002aa,
	Author = {McKeown Kathleen R., Barzilay Regina, Evans David, Hatzivassiloglou Vasileios, Klavans Judith L, Nenkova Ani, Sable Carl, Schiffman Barry, and Sigelman Sergey },
	Date-Added = {2016-01-27 18:28:50 +0000},
	Date-Modified = {2016-01-27 18:59:29 +0000},
	Journal = {Proceedings of the second international conference on Human Language Technology Research},
	Month = {March},
	Pages = {280-285},
	Title = {"Tracking and summarizing news on a daily basis with Columbia's Newsblaster." },
	Year = {2002}}

@article{Conover:2011aa,
	Author = {Conover, M. D., Gon{\c c}alves, B., Ratkiewicz, J., Flammini, A., and Menczer, F. },
	Date-Added = {2016-01-27 18:23:28 +0000},
	Date-Modified = {2016-01-27 18:59:16 +0000},
	Journal = {Privacy, Security, Risk and Trust (PASSAT) and IEEE Third Inernational Conference on Social Computing (SocialCom).},
	Pages = {192-199},
	Title = {"Predicting the political alignment of twitter users. "},
	Year = {2011}}

@article{Makazhanov:2014aa,
	Author = {Makazhanov, Aibek, Davood Rafiei, and Muhammad Waqar.},
	Date-Added = {2016-01-27 18:19:42 +0000},
	Date-Modified = {2016-01-27 18:20:43 +0000},
	Journal = {Social Network Analysis and Mining},
	Pages = {1-15},
	Title = {"Predicting political preference of Twitter users."},
	Volume = {4.1},
	Year = {2014}}

@article{Golbeck:2011ab,
	Author = {Golbeck, Jennifer, and Derek Hansen},
	Date-Added = {2016-01-27 18:16:33 +0000},
	Date-Modified = {2016-01-27 18:16:33 +0000},
	Journal = {Proceedings of the SIGCHI Conference on Human Factors in Computing Systems. ACM},
	Title = {"Computing political preference among twitter followers." },
	Year = {2011}}
